<?xml version="1.0" encoding="UTF-8"?><collection xmlns="http://www.loc.gov/MARC21/slim"><record><leader>00503nam--2200133-i-4500</leader><controlfield tag="001">000001060</controlfield><controlfield tag="002">20161230</controlfield><controlfield tag="005">20161230201024</controlfield><controlfield tag="008">060222s1000------------r-----000-0-eng-d</controlfield><datafield ind1=" " ind2=" " tag="080"><subfield code="a">621.38(016)</subfield></datafield><datafield ind1=" " ind2=" " tag="245"><subfield code="a">Literature in digital signal processing: author and permuted title index.revised and expanded edition</subfield></datafield><datafield ind1=" " ind2=" " tag="260"><subfield code="a">New York, The Institute Of Electrical And Electronics Engineers, Inc  New York, 1975. Vii + 205 P</subfield></datafield><datafield ind1=" " ind2=" " tag="700"><subfield code="a">Helms, Howard D., Kaiser James, F., Rabiner Lawrence R</subfield></datafield><datafield ind1=" " ind2=" " tag="852"><subfield code="a">D.1362</subfield></datafield></record></collection>